@Book{Alexander,
       AUTHOR = "Charles K. Alexander and Matthew N.O. Sadiku",
       TITLE = "Fundamentals of Electric Circuits",
       PUBLISHER = "Mc Graw Hills",
		YEAR = "2013"}
@misc{Wiki,
       author = "Open forum",
       title = "www.wikipedia.com"},

